
@online{1,
  author = {Adam Geitgey},
  title = {Machine Learning is Fun!: Modern Face Recognition with Deep Learning},
  year = 2016,
  url = {https://medium.com/@ageitgey/machine-learning-is-fun-part-4-modern-face-recognition-with-deep-learning-c3cffc121d78},
  urldate = {2020-01-16}
}

@online{2,
  author = {Vahid Kazemi and Josephine Sullivan},
  title = {One Millisecond Face Alignment with an Ensemble of Regression Trees},
  url = {http://www.csc.kth.se/~vahidk/papers/KazemiCVPR14.pdf},
  urldate = {2020-01-16}
}

@INPROCEEDINGS{3, 
author={H. {Wei} and X. {Li} and Y. {Shi} and B. {You} and Y. {Xu}}, 
booktitle={2018 IEEE International Conference on Robotics and Biomimetics (ROBIO)}, 
title={Fusing Sonars and LRF Data to Glass Detection for Robotics Navigation}, 
year={2018}, 
volume={}, 
number={}, 
pages={826-831}, 
keywords={laser ranging;mobile robots;object detection;optical scanners;path planning;robot vision;sensor fusion;SLAM (robots);sonar detection;ultrasonic transducers;LRF data;robotics navigation;robotic safety;glass detection algorithm;high-cost lidars;ultrasound sensors;robot platform;laser scanners;Glass;Laser radar;Robot sensing systems;Acoustics;Measurement by laser beam;Laser beams}, 
doi={10.1109/ROBIO.2018.8664805}, 
ISSN={null}, 
month={Dec}
}

@INPROCEEDINGS{4, 
author={C. {Zhou} and J. {Yang} and C. {Zhao} and G. {Hua}}, 
booktitle={2017 IEEE Conference on Computer Vision and Pattern Recognition Workshops (CVPRW)}, 
title={Fast, Accurate Thin-Structure Obstacle Detection for Autonomous Mobile Robots}, 
year={2017}, 
volume={}, 
number={}, 
pages={318-327}, 
keywords={cameras;edge detection;image reconstruction;image sequences;mobile robots;robot vision;safety;stereo image processing;safety;IMU data;inertial measurement unit;monocular camera solution;edge-based visual odometry techniques;3D reconstruction;video frames;video sequences;stereo cameras;active sensors;autonomous mobile robots;fast accurate thin-structure obstacle detection;Image edge detection;Cameras;Three-dimensional displays;Feature extraction;Simultaneous localization and mapping}, 
doi={10.1109/CVPRW.2017.45}, 
ISSN={2160-7516}, 
month={July}
}

@inproceedings{5,
author = {Utasi, √Åkos and Benedek, Csaba},
year = {2012},
month = {05},
pages = {},
title = {A Multi-View Annotation Tool for People Detection Evaluation},
doi = {10.1145/2304496.2304499}
}
@ARTICLE{6, 
author={G. {Rogez} and P. {Weinzaepfel} and C. {Schmid}}, 
journal={IEEE Transactions on Pattern Analysis and Machine Intelligence}, 
title={LCR-Net++: Multi-person 2D and 3D Pose Detection in Natural Images}, 
year={2019}, 
volume={}, 
number={}, 
pages={1-1}, 
keywords={Three-dimensional displays;Two dimensional displays;Pose estimation;Proposals;Joints;Heating systems;Training data;Human 3D pose estimation;2D pose estimation;detection;localization;classification;regression;CNN}, 
doi={10.1109/TPAMI.2019.2892985}, 
ISSN={1939-3539}, 
month={}
}
@ARTICLE{7, 
author={S. {Zhang} and Q. {Zhang} and X. {Wei} and Y. {Zhang} and Y. {Xia}}, 
journal={IEEE Access}, 
title={Person Re-Identification With Triplet Focal Loss}, 
year={2018}, 
volume={6}, 
number={}, 
pages={78092-78099}, 
keywords={biometrics (access control);computer vision;convolutional neural nets;image classification;image matching;learning (artificial intelligence);person re-identification;triplet focal loss;triplet loss-based CNN models;person ReID;hard triplets;easy triplets;traditional triplet loss;CUHK03;DukeMTMCReID;Market-1501;convolutional neural nets;CNN;computer vision;Training;Cameras;Adaptation models;Measurement;Task analysis;Kernel;Entropy;Re-identification;triplet focal loss;hard example mining}, 
doi={10.1109/ACCESS.2018.2884743}, 
ISSN={2169-3536}, 
month={}
}
